@misc{ieee18,
	title        = {{IEEE} Standard for Shunt Power Capacitors},
	author       = {{IEEE}},
	year         = {2012},
	howpublished = {\url{https://ieeexplore.ieee.org/document/6466331}},
	note         = {IEEE Std 18-2012}
}

@misc{ieeec3799,
	title        = {{IEEE} Guide for the Protection of Shunt Capacitor Banks},
	author       = {{IEEE}},
	year         = {2012},
	howpublished = {\url{https://standards.ieee.org/ieee/C37.99/5511/}},
	note         = {IEEE Std C37.99-2012}
}
